% Encoding: UTF-8

@book{Knuth1998,
 author = {Knuth, Donald E.},
 title = {The art of computer programming,  volume 3: (2nd ed.) sorting and searching},
 year = {1998},
 publisher = {Addison Wesley Longman Publishing Co., Inc.},
 address = {Redwood City, CA, USA}
}

@book{Pollefliet2011,
  author = {Pollefliet, Leen},
  title = {Schrijven van verslag tot eindwerk: do's en don'ts},
  year = {2011},
  publisher = {Academia Press},
  address = {Gent}
}

@article{Creeger2009,
  author = {Creeger, Mache},
  journal = {Communications of the ACM},
  number = {8},
  pages = {50--56},
  title = {{CTO Roundtable: Cloud Computing}},
  volume = {52},
  year = {2009}
}

@Article{Xulu2020,
  author       = {Xulu, Vukani Cosmos and Suknunan, Sachin},
  date         = {2020-05-29},
  journaltitle = {Problems and Perspectives in Management},
  title        = {“Enterprise Resource Planning (ERP) systems success: impact of employees’perceptions and satisfaction on expected benefits in a manufacturing setting”},
  doi          = {http://dx.doi.org/10.21511/ppm.18(2).2020.38},
  urldate      = {2024-03-20},
  file         = {:articles/ArtcileXulu.pdf:PDF},
}

@Online{WatSAP,
  author  = {SAP},
  title   = {Wat is SAP?},
  url     = {https://www.sap.com/belgie/about/what-is-sap.html},
  urldate = {2024-03-19},
}

@Article{Wardhanaa2022,
  author       = {Wardhanaa, Ngurah Arya Bhaskara and Putria, Gusti Agung Ayu and Rusjayanthi, Ni Kadek Dwi},
  date         = {2022-08-02},
  journaltitle = {JURNAL ILMIAH MERPATI},
  title        = {Implementation Of Enterprise Resource Planning On Sales Management And Accounting \& Finance Management Using Odoo Software (Case Study Of Furniture Company)},
  number       = {2},
  urldate      = {2024-03-20},
  volume       = {10},
  file         = {:articles/88667-1057-302171-1-10-20220830.pdf:PDF},
}

@Online{Indeed2023,
  author  = {Indeed},
  date    = {2023-03-01},
  title   = {Wat is SAP en hoe pas je dit toe op het werk?},
  url     = {https://nl.indeed.com/carrieregids/nieuwe-baan-beginnen/wat-is-sap: 2023},
  urldate = {2024-03-20},
}

@Article{Prokhorov2018,
  author       = {Prokhorov, Igor and Kolesnik, Nikolai},
  date         = {2018-01-01},
  journaltitle = {ScienceDirect},
  title        = {Development of a master data consolidation system model (on the example of the banking sector)},
  doi          = {10.1016/j.procs.2018.11.093},
  urldate      = {2024-03-17},
  file         = {:articles/ProkhorovS1877050918323810.bib:bib},
}

@Online{SAPMasterData,
  author  = {SAP},
  title   = {What is master data management (MDM)?},
  url     = {https://www.sap.com/products/technology-platform/master-data-governance/what-is-mdm.html},
  urldate = {2024-03-21},
}

@Article{Martins2022,
  author       = {Martins, José and Mamede, Henrique S. and Correia, José},
  date         = {2022-06-01},
  journaltitle = {ScienceDirect},
  title        = {Risk compliance and master data management in banking – A novel BCBS 239 compliance action-plan proposal},
  urldate      = {2024-02-23},
}

@Article{Pansara2024,
  author       = {Pansara, Ronak Ravjibhai},
  date         = {2024-01-29},
  journaltitle = {Scholars Journal of Engineering and Technology},
  title        = {Strategies for Master Data Management Integration and Their Benefits},
  doi          = {10.36347/sjet.2024.v12i02.002},
  urldate      = {2024-02-24},
  file         = {:articles/PansaraSJET_122_40-47.pdf:PDF},
}

@Online{Sharma2023,
  author  = {Sharma, Sagar},
  date    = {2023-06-15},
  title   = {15 Master Data Management Best Practices to Follow for MDM Success},
  url     = {https://www.credencys.com/blog/master-data-management-best-practices/},
  urldate = {2024-03-17},
}

@Online{Raghavendra2023,
  author  = {Raghavendra, C. and Sreekant, N.},
  date    = {2023-01-01},
  title   = {Six best practices to enhance master data management.},
  url     = {https://www.infosysbpm.com/blogs/master-data-management/master-data-management-practices.htmlhttps://www.infosysbpm.com/blogs/master-data-management/master-data-management-practices.html},
  urldate = {2024-03-17},
}

@Online{Vlaanderen,
  author  = {Vlaanderen},
  title   = {Beheer en beveiliging van persoonlijke gegevens van Europese burgers (GDPR of AVG)},
  url     = {https://www.vlaanderen.be/uw-overheid/werking-en-structuur/hoe-werkt-de-vlaamse-overheid/beheer-en-beveiliging-van-persoonlijke-gegevens-van-europese-burgers-gdpr-of-avg},
  urldate = {2024-03-12},
}

@Online{Chai2022,
  author       = {Chai, Wesley and Casey, Kathleen},
  date         = {2022-10-01},
  title        = {What is Software as a Service (SaaS)?},
  url          = {https://www.techtarget.com/searchcloudcomputing/definition/Software-as-a-Service},
  urldate      = {2024-03-20},
  journaltitle = {TechTarget},
}

@Online{Sharma2020,
  author  = {Sharma, Sagar},
  date    = {2020-05-18},
  title   = {Top 10 Challenges that Can Fail Master Data Management Implementation},
  url     = {https://www.credencys.com/blog/challenges-of-master-data-management/},
  urldate = {2024-02-23},
}

@Online{Cawsey2022,
  author  = {Cawsey, Matthew},
  date    = {2022-10-07},
  title   = {What Is Master Data Governance – And Why You Need It?},
  url     = {https://www.stibosystems.com/blog/what-is-master-data-governance-and-why-you-need-it},
  urldate = {2024-03-18},
}

@Online{Shewaramani2023,
  author  = {Shewaramani, Manish},
  date    = {2023-07-17},
  title   = {Master Data Governance – A Complete Guide},
  url     = {https://www.credencys.com/blog/master-data-governance/},
  urldate = {2024-03-17},
}

@Online{Collibra2023,
  author  = {Collibra},
  date    = {2023-12-12},
  title   = {MDM needs data governance},
  url     = {https://www.collibra.com/us/en/blog/mdm-needs-data-governance-heres},
  urldate = {2024-02-23},
}

@Online{Informer2023,
  author  = {Informer},
  date    = {2023-09-06},
  title   = {Activa},
  url     = {https://www.informer.nl/boekhouden-wiki/balans/activa},
  urldate = {2024-02-23},
}

@Online{Coursera2024,
  author  = {Coursera, Staff},
  date    = {2024-03-19},
  title   = {Machine Learning vs. AI: Differences, Uses, and Benefits},
  url     = {https://www.coursera.org/articles/machine-learning-vs-ai},
  urldate = {2024-03-20},
}

@Online{Coursera2024a,
  author  = {Coursera, Staff},
  date    = {2024-02-26},
  title   = {What Is Deep Learning? Definition, Examples, and Careers},
  url     = {https://www.coursera.org/articles/what-is-deep-learning},
  urldate = {2024-03-21},
}

@Online{Coursera2024b,
  author  = {Coursera, Staff},
  date    = {2024-03-19},
  title   = {What is Natural Language Processing? Definition and Examples},
  url     = {https://www.coursera.org/articles/natural-language-processing},
  urldate = {2024-03-21},
}

@Online{Coursera2023,
  author  = {Coursera, Staff},
  date    = {2023-12-11},
  title   = {2024 Guide to a Robotics Engineering Career},
  url     = {https://www.coursera.org/articles/robotics-engineering},
  urldate = {2024-03-21},
}

@Comment{jabref-meta: databaseType:biblatex;}
