% Encoding: UTF-8

@Online{SAP,
  author  = {SAP},
  title   = {Wat is master data management (MDM)?},
  url     = {https://www.sap.com/belgie/products/technology-platform/master-data-governance/what-is-mdm.html},
  urldate = {2023-12-10},
}

@Online{Foote2023,
  author  = {Foote, Keith D},
  date    = {2023-08-30},
  title   = {What Is Master Data Management and Why Is It Important?},
  url     = {https://www.dataversity.net/what-is-master-data-management-and-why-is-it-important/},
  urldate = {2023-12-10},
}

@Book{Knolmayer2006,
  author       = {Knolmayer, Gerhard F. and Röthlin, Michael},
  date         = {2006},
  title        = {Quality of Material Master Data and Its Effect on the Usefulness of Distributed ERP Systems},
  doi          = {10.1007/11908883_43},
  pages        = {362-371},
  url          = {https://link.springer.com/chapter/10.1007/11908883_43},
  urldate      = {2023-12-11},
  file         = {:articles/11908883_43.pdf:PDF},
  journaltitle = {Advandes in Conceptual Modeling - Theory and Practice},
}

@Book{Loshin2009,
  author  = {Loshin ,David},
  date    = {2009},
  title   = {Master Data Management},
  url     = {https://books.google.be/books?hl=nl&lr=&id=dJtmVz3nrOUC&oi=fnd&pg=PP1&dq=master+data&ots=9IpHV1l_aN&sig=udRvt4hBmf2oFpnwGhIaiU5kEDI#v=onepage&q=master data&f=false},
  urldate = {2023-12-12},
}

@Book{YehChingNee2012,
  author  = {Yeh-Ching Nee, Andrew},
  date    = {2012-02-25},
  title   = {The International Journal of Advanced Manufacturing Technology},
  pages   = {999-1018},
  url     = {https://link.springer.com/chapter/10.1007/11908883_43},
  urldate = {2023-12-12},
}

@Online{Creatives,
  author  = {Creatives},
  title   = {Materials & Services Master Data Governance},
  url     = {https://creactives.com/products/material-master-data-governance/},
  urldate = {2023-12-11},
}

@Book{Allen2015,
  author  = {Allen, Mark and Cervo, Dalton},
  date    = {2015},
  title   = {Multi-Domain Master Data Management},
  isbn    = {978-0-12-800835-5},
  url     = {https://www.sciencedirect.com/book/9780128008355/multi-domain-master-data-management},
  urldate = {2023-12-11},
}

@Article{Hermanson2022,
  author       = {Hermanson, Dana R; and Lawson, James G and Street, Daniel A.},
  date         = {2022-07},
  journaltitle = {The CPA Journal},
  title        = {Detecting and Resolving 'Dirty' Data},
  issue        = {7/8},
  subtitle     = {Ten Steps to Better Business Insights},
  url          = {https://www.proquest.com/docview/2708409756?pq-origsite=gscholar&fromopenview=true},
  urldate      = {2023-12-10},
  volume       = {92},
  file         = {:articles/ba717b62f4d4ad7cb32fe8534ddef515.pdf:PDF},
}

@Article{Haug2011,
  author       = {Haug, Anders and Zachariassen, Frederik and Van Liempd, Dennis},
  date         = {2011},
  journaltitle = {Journal of Industrial Engineering and Management (JIEM)},
  title        = {The costs of poor data quality},
  issn         = {2013-0953},
  issue        = {2},
  pages        = {168-193},
  url          = {https://www.econstor.eu/handle/10419/188448},
  urldate      = {2023-12-11},
  volume       = {4},
  file         = {:articles/v04-i02-p168_232-1425-1-PB.pdf:PDF},
}

@Article{Richardson2019,
  author       = {Richardson, Rashida and Schultz, Jason M. and Crawford, Kate},
  date         = {2019},
  journaltitle = {HeinOnline},
  title        = {Dirty data, bad predictions: how civil rights violations impact police data, predictive policing systems, and justice},
  url          = {https://heinonline.org/HOL/LandingPage?handle=hein.journals/nyulro94&div=3&id=&page=},
  urldate      = {2023-12-11},
}

@Article{Haug2011a,
  author       = {Haug, Anders and Arlbjørn, Jan Stentoft},
  date         = {2011-04-19},
  journaltitle = {Journal of Enterprise Information Management},
  title        = {Barriers to master data quality},
  issn         = {1741-039},
  url          = {https://www.emerald.com/insight/content/doi/10.1108/17410391111122862/full/html},
  urldate      = {2023-12-13},
}

@Comment{jabref-meta: databaseType:biblatex;}
